<?xml version="1.0" encoding="UTF-8"?>
<collection xmlns:xsi="http://www.w3.org/2001/XMLSchema-instance" xsi:schemaLocation="http://www.loc.gov/MARC21/slim http://www.loc.gov/standards/marcxml/schema/MARC21slim.xsd" xmlns="http://www.loc.gov/MARC21/slim">
<record>
  <leader>00682cam a2200193K  4500</leader>
  <controlfield tag="001">5960978</controlfield>
  <controlfield tag="003">NNC</controlfield>
  <controlfield tag="005">20150920223135.0</controlfield>
  <controlfield tag="008">061017s1963    sy            000 0 ara d</controlfield>
  <datafield tag="035" ind1=" " ind2=" ">
    <subfield code="a">(OCoLC)ocm73266674</subfield>
  </datafield>
  <datafield tag="035" ind1=" " ind2=" ">
    <subfield code="a">(NNC)5960978</subfield>
  </datafield>
  <datafield tag="040" ind1=" " ind2=" ">
    <subfield code="a">ZCU</subfield>
    <subfield code="c">ZCU</subfield>
  </datafield>
  <datafield tag="100" ind1="1" ind2=" ">
    <subfield code="a">García Lorca, Federico,</subfield>
    <subfield code="d">1898-1936.</subfield>
  </datafield>
  <datafield tag="245" ind1="1" ind2="0">
    <subfield code="a">Mukhtārāt min shiʻr Lūrkā,</subfield>
    <subfield code="c">tarjamat ʻAdnān Baghjātī.</subfield>
  </datafield>
  <datafield tag="260" ind1=" " ind2=" ">
    <subfield code="a">Dimashq,</subfield>
    <subfield code="c">[1963]</subfield>
  </datafield>
  <datafield tag="300" ind1=" " ind2=" ">
    <subfield code="a">[1 v.]</subfield>
  </datafield>
  <datafield tag="490" ind1="1" ind2=" ">
    <subfield code="a">Syria. Mudīirīyat al-Taʼlīf wa-al-Tarjamah. Silsilat rawāʼiʻ al-adab al-Gharbī</subfield>
    <subfield code="v">v.5</subfield>
  </datafield>
  <datafield tag="810" ind1="2" ind2=" ">
    <subfield code="a">Mudīirīyat al-Taʼlīf wa-al-Tarjamah.</subfield>
    <subfield code="t">Silsilat rawāʼiʻ al-adab al-Gharbī ;</subfield>
    <subfield code="v">v. 5.</subfield>
  </datafield>
  <datafield tag="955" ind1=" " ind2=" ">
    <subfield code="b">0026813483</subfield>
    <subfield code="d">glx</subfield>
    <subfield code="e">956.9 Sy23 v.5</subfield>
  </datafield>
</record>
</collection>